@article{durupt2006automatic,
  title={Automatic building reconstruction from a digital elevation model and cadastral data: an operational approach},
  author={Durupt, M{\'e}lanie and Taillandier, Franck},
  journal={International Archives of Photogrammetry, Remote Sensing and Spatial Information Sciences},
  volume={36},
  number={3},
  pages={142--147},
  year={2006}
}

@inproceedings{taillandier2004automatic,
  title={Automatic buildings reconstruction from aerial images: a generic bayesian framework},
  author={Taillandier, Franck and Deriche, Rachid},
  booktitle={Proceedings of the XXth ISPRS Congress, Istanbul, Turkey},
  pages={12--23},
  year={2004}
}

@inproceedings{michelin2013quality,
  title={Quality Evaluation of 3D City Building Models with Automatic Error Diagnosis},
  author={Michelin, Jean-Christophe and Tierny, Julien and Tupin, Florence and Mallet, Cl{\'e}ment and Paparoditis, Nicolas},
  booktitle={ISPRS Conference on SSG},
  year={2013}
}
