@inproceedings{michelin2013quality,
  title={Quality Evaluation of 3D City Building Models with Automatic Error Diagnosis},
  author={Michelin, Jean-Christophe and Tierny, Julien and Tupin, Florence and Mallet, Cl{\'e}ment and Paparoditis, Nicolas},
  booktitle={ISPRS Conference on SSG},
  year={2013}
}

@article{Achanta:2012:SSC:2377349.2377556,
	author = {Achanta, Radhakrishna and Shaji, Appu and Smith, Kevin and Lucchi, Aurelien and Fua, Pascal and Susstrunk, Sabine},
	title = {SLIC Superpixels Compared to State-of-the-Art Superpixel Methods},
	journal = {IEEE Trans. Pattern Anal. Mach. Intell.},
	issue_date = {November 2012},
	volume = {34},
	number = {11},
	month = nov,
	year = {2012},
	issn = {0162-8828},
	pages = {2274--2282},
	numpages = {9},
	url = {http://dx.doi.org/10.1109/TPAMI.2012.120},
	doi = {10.1109/TPAMI.2012.120},
	acmid = {2377556},
	publisher = {IEEE Computer Society},
	address = {Washington, DC, USA},
	keywords = {Superpixels, segmentation, clustering, k-means},
}

@inproceedings{duan2015image,
	title={Image partitioning into convex polygons},
	author={Duan, Liuyun and Lafarge, Florent},
	booktitle={2015 IEEE Conference on Computer Vision and Pattern Recognition (CVPR)},
	pages={3119--3127},
	year={2015},
	organization={IEEE}
}

@article{felzenszwalb2010object,
	title={Object detection with discriminatively trained part-based models},
	author={Felzenszwalb, Pedro F and Girshick, Ross B and McAllester, David and Ramanan, Deva},
	journal={IEEE transactions on pattern analysis and machine intelligence},
	volume={32},
	number={9},
	pages={1627--1645},
	year={2010},
	publisher={IEEE}
}

@inproceedings{chai2013recovering,
	title={Recovering line-networks in images by junction-point processes},
	author={Chai, Dengfeng and Forstner, Wolfgang and Lafarge, Florent},
	booktitle={Proceedings of the IEEE Conference on Computer Vision and Pattern Recognition},
	pages={1894--1901},
	year={2013}
}

@inproceedings{bach2010sparse,
	title={Sparse coding and dictionary learning for image analysis},
	author={Bach, Francis and Mairal, Julien and Ponce, Jean and Sapiro, Guillermo},
	booktitle={Proceedings of IEEE International Conference on Computer Vision and Pattern Recognition},
	year={2010}
}